<?xml version="1.0" encoding="UTF-8"?><collection xmlns="http://www.loc.gov/MARC21/slim"><record><leader>00307nam--2200121-i-4500</leader><controlfield tag="001">000020740</controlfield><controlfield tag="002">20161230</controlfield><controlfield tag="005">20161230201033</controlfield><controlfield tag="008">060222s1000------------r-----000-0-eng-d</controlfield><datafield ind1=" " ind2=" " tag="080"><subfield code="a">530.1</subfield></datafield><datafield ind1=" " ind2=" " tag="245"><subfield code="a">Fundamentalinie problemi teoreticescoi i matematicescoi fiziki</subfield></datafield><datafield ind1=" " ind2=" " tag="260"><subfield code="a">Dubna, 1979. 530 P</subfield></datafield><datafield ind1=" " ind2=" " tag="852"><subfield code="a">80654</subfield></datafield></record></collection>